%YAML 1.1
%TAG !u! tag:unity3d.com,2011:
--- !u!1 &7608431101006246774
GameObject:
  m_ObjectHideFlags: 0
  m_CorrespondingSourceObject: {fileID: 0}
  m_PrefabInstance: {fileID: 0}
  m_PrefabAsset: {fileID: 0}
  serializedVersion: 6
  m_Component:
  - component: {fileID: 7608431101006246761}
  m_Layer: 0
  m_Name: Cube - Location
  m_TagString: Untagged
  m_Icon: {fileID: 0}
  m_NavMeshLayer: 0
  m_StaticEditorFlags: 0
  m_IsActive: 1
--- !u!4 &7608431101006246761
Transform:
  m_ObjectHideFlags: 0
  m_CorrespondingSourceObject: {fileID: 0}
  m_PrefabInstance: {fileID: 0}
  m_PrefabAsset: {fileID: 0}
  m_GameObject: {fileID: 7608431101006246774}
  m_LocalRotation: {x: 0, y: 0, z: 0, w: 1}
  m_LocalPosition: {x: 0, y: 0, z: 0}
  m_LocalScale: {x: 1, y: 1, z: 1}
  m_Children:
  - {fileID: 7608431101136902307}
  m_Father: {fileID: 0}
  m_RootOrder: 0
  m_LocalEulerAnglesHint: {x: 0, y: 0, z: 0}
--- !u!1 &7608431101136902319
GameObject:
  m_ObjectHideFlags: 0
  m_CorrespondingSourceObject: {fileID: 0}
  m_PrefabInstance: {fileID: 0}
  m_PrefabAsset: {fileID: 0}
  serializedVersion: 6
  m_Component:
  - component: {fileID: 7608431101136902307}
  - component: {fileID: 7608431101136902304}
  - component: {fileID: 7608431101136902305}
  - component: {fileID: 7608431101136902318}
  - component: {fileID: 7608431101136902306}
  - component: {fileID: 7608431101136902309}
  m_Layer: 0
  m_Name: Cube - collectable
  m_TagString: Untagged
  m_Icon: {fileID: 0}
  m_NavMeshLayer: 0
  m_StaticEditorFlags: 0
  m_IsActive: 1
--- !u!4 &7608431101136902307
Transform:
  m_ObjectHideFlags: 0
  m_CorrespondingSourceObject: {fileID: 0}
  m_PrefabInstance: {fileID: 0}
  m_PrefabAsset: {fileID: 0}
  m_GameObject: {fileID: 7608431101136902319}
  m_LocalRotation: {x: -0, y: -0, z: -0, w: 1}
  m_LocalPosition: {x: 0.63, y: 0.5, z: 3.59}
  m_LocalScale: {x: 0.42291, y: 0.42291, z: 0.42291}
  m_Children:
  - {fileID: 4576339040023023509}
  m_Father: {fileID: 7608431101006246761}
  m_RootOrder: 0
  m_LocalEulerAnglesHint: {x: 0, y: 0, z: 0}
--- !u!33 &7608431101136902304
MeshFilter:
  m_ObjectHideFlags: 0
  m_CorrespondingSourceObject: {fileID: 0}
  m_PrefabInstance: {fileID: 0}
  m_PrefabAsset: {fileID: 0}
  m_GameObject: {fileID: 7608431101136902319}
  m_Mesh: {fileID: 0}
--- !u!23 &7608431101136902305
MeshRenderer:
  m_ObjectHideFlags: 0
  m_CorrespondingSourceObject: {fileID: 0}
  m_PrefabInstance: {fileID: 0}
  m_PrefabAsset: {fileID: 0}
  m_GameObject: {fileID: 7608431101136902319}
  m_Enabled: 1
  m_CastShadows: 1
  m_ReceiveShadows: 1
  m_DynamicOccludee: 1
  m_MotionVectors: 1
  m_LightProbeUsage: 1
  m_ReflectionProbeUsage: 1
  m_RenderingLayerMask: 1
  m_RendererPriority: 0
  m_Materials:
  - {fileID: 10303, guid: 0000000000000000f000000000000000, type: 0}
  m_StaticBatchInfo:
    firstSubMesh: 0
    subMeshCount: 0
  m_StaticBatchRoot: {fileID: 0}
  m_ProbeAnchor: {fileID: 0}
  m_LightProbeVolumeOverride: {fileID: 0}
  m_ScaleInLightmap: 1
  m_PreserveUVs: 0
  m_IgnoreNormalsForChartDetection: 0
  m_ImportantGI: 0
  m_StitchLightmapSeams: 0
  m_SelectedEditorRenderState: 3
  m_MinimumChartSize: 4
  m_AutoUVMaxDistance: 0.5
  m_AutoUVMaxAngle: 89
  m_LightmapParameters: {fileID: 0}
  m_SortingLayerID: 0
  m_SortingLayer: 0
  m_SortingOrder: 0
--- !u!65 &7608431101136902318
BoxCollider:
  m_ObjectHideFlags: 0
  m_CorrespondingSourceObject: {fileID: 0}
  m_PrefabInstance: {fileID: 0}
  m_PrefabAsset: {fileID: 0}
  m_GameObject: {fileID: 7608431101136902319}
  m_Material: {fileID: 0}
  m_IsTrigger: 0
  m_Enabled: 1
  serializedVersion: 2
  m_Size: {x: 1.5, y: 1.5, z: 1.5}
  m_Center: {x: 0, y: 0, z: 0}
--- !u!114 &7608431101136902306
MonoBehaviour:
  m_ObjectHideFlags: 0
  m_CorrespondingSourceObject: {fileID: 0}
  m_PrefabInstance: {fileID: 0}
  m_PrefabAsset: {fileID: 0}
  m_GameObject: {fileID: 7608431101136902319}
  m_Enabled: 1
  m_EditorHideFlags: 0
  m_Script: {fileID: 11500000, guid: a9e9992fb5ed28e4fbf4fe470cca324a, type: 3}
  m_Name: 
  m_EditorClassIdentifier: 
  uiManager: {fileID: 0}
--- !u!95 &7608431101136902309
Animator:
  serializedVersion: 3
  m_ObjectHideFlags: 0
  m_CorrespondingSourceObject: {fileID: 0}
  m_PrefabInstance: {fileID: 0}
  m_PrefabAsset: {fileID: 0}
  m_GameObject: {fileID: 7608431101136902319}
  m_Enabled: 1
  m_Avatar: {fileID: 0}
  m_Controller: {fileID: 9100000, guid: e59fdcf4f12ef6344a041280305301bf, type: 2}
  m_CullingMode: 0
  m_UpdateMode: 0
  m_ApplyRootMotion: 0
  m_LinearVelocityBlending: 0
  m_WarningMessage: 
  m_HasTransformHierarchy: 1
  m_AllowConstantClipSamplingOptimization: 1
  m_KeepAnimatorControllerStateOnDisable: 0
--- !u!1001 &4579326640392387951
PrefabInstance:
  m_ObjectHideFlags: 0
  serializedVersion: 2
  m_Modification:
    m_TransformParent: {fileID: 7608431101136902307}
    m_Modifications:
    - target: {fileID: 1192641458597302, guid: c350023b68bece943928351ad0df5c3a, type: 3}
      propertyPath: m_Name
      value: CarboardBox_1
      objectReference: {fileID: 0}
    - target: {fileID: 4333507836982010, guid: c350023b68bece943928351ad0df5c3a, type: 3}
      propertyPath: m_LocalPosition.x
      value: -0.0047290777
      objectReference: {fileID: 0}
    - target: {fileID: 4333507836982010, guid: c350023b68bece943928351ad0df5c3a, type: 3}
      propertyPath: m_LocalPosition.y
      value: 0
      objectReference: {fileID: 0}
    - target: {fileID: 4333507836982010, guid: c350023b68bece943928351ad0df5c3a, type: 3}
      propertyPath: m_LocalPosition.z
      value: 0.0070937574
      objectReference: {fileID: 0}
    - target: {fileID: 4333507836982010, guid: c350023b68bece943928351ad0df5c3a, type: 3}
      propertyPath: m_LocalRotation.x
      value: -0
      objectReference: {fileID: 0}
    - target: {fileID: 4333507836982010, guid: c350023b68bece943928351ad0df5c3a, type: 3}
      propertyPath: m_LocalRotation.y
      value: -0
      objectReference: {fileID: 0}
    - target: {fileID: 4333507836982010, guid: c350023b68bece943928351ad0df5c3a, type: 3}
      propertyPath: m_LocalRotation.z
      value: -0
      objectReference: {fileID: 0}
    - target: {fileID: 4333507836982010, guid: c350023b68bece943928351ad0df5c3a, type: 3}
      propertyPath: m_LocalRotation.w
      value: 1
      objectReference: {fileID: 0}
    - target: {fileID: 4333507836982010, guid: c350023b68bece943928351ad0df5c3a, type: 3}
      propertyPath: m_RootOrder
      value: 0
      objectReference: {fileID: 0}
    - target: {fileID: 4333507836982010, guid: c350023b68bece943928351ad0df5c3a, type: 3}
      propertyPath: m_LocalEulerAnglesHint.x
      value: 0
      objectReference: {fileID: 0}
    - target: {fileID: 4333507836982010, guid: c350023b68bece943928351ad0df5c3a, type: 3}
      propertyPath: m_LocalEulerAnglesHint.y
      value: 0
      objectReference: {fileID: 0}
    - target: {fileID: 4333507836982010, guid: c350023b68bece943928351ad0df5c3a, type: 3}
      propertyPath: m_LocalEulerAnglesHint.z
      value: 0
      objectReference: {fileID: 0}
    - target: {fileID: 4333507836982010, guid: c350023b68bece943928351ad0df5c3a, type: 3}
      propertyPath: m_LocalScale.x
      value: 2.3645692
      objectReference: {fileID: 0}
    - target: {fileID: 4333507836982010, guid: c350023b68bece943928351ad0df5c3a, type: 3}
      propertyPath: m_LocalScale.y
      value: 2.3645692
      objectReference: {fileID: 0}
    - target: {fileID: 4333507836982010, guid: c350023b68bece943928351ad0df5c3a, type: 3}
      propertyPath: m_LocalScale.z
      value: 2.3645692
      objectReference: {fileID: 0}
    - target: {fileID: 65660093590615720, guid: c350023b68bece943928351ad0df5c3a,
        type: 3}
      propertyPath: m_Enabled
      value: 0
      objectReference: {fileID: 0}
    m_RemovedComponents: []
  m_SourcePrefab: {fileID: 100100000, guid: c350023b68bece943928351ad0df5c3a, type: 3}
--- !u!4 &4576339040023023509 stripped
Transform:
  m_CorrespondingSourceObject: {fileID: 4333507836982010, guid: c350023b68bece943928351ad0df5c3a,
    type: 3}
  m_PrefabInstance: {fileID: 4579326640392387951}
  m_PrefabAsset: {fileID: 0}
